

 @misc{can, title={Inkscape: Guide to a Vector Drawing Program}, url={http://tavmjong.free.fr/INKSCAPE/MANUAL/html/SoupCan.html}, journal={A can of soup-a three-dimensional drawing with gradients}} 


 @misc{frechet, title={Fr√©chet distance measurement},  url={https://www.researchgate.net/figure/Frechet-distance-between-trajectories-T1documentclass12ptminimal_fig2_336950916}} 